@article{Harispe2014,
    title = {{A framework for unifying ontology-based semantic similarity measures: A study in the biomedical domain}},
    year = {2014},
    journal = {Journal of Biomedical Informatics},
    author = {Harispe, Sébastien and S{\'{a}}nchez, David and Ranwez, Sylvie and Janaqi, Stefan and Montmain, Jacky},
    month = {4},
    pages = {38--53},
    volume = {48},
    publisher = {Academic Press},
    url = {https://www.sciencedirect.com/science/article/pii/S1532046413001834?via%3Dihub},
    doi = {10.1016/J.JBI.2013.11.006},
    issn = {1532-0464}
}

@article{Wu2016,
    title = {{A long journey to short abbreviations: developing an open-source framework for clinical abbreviation recognition and disambiguation (CARD)}},
    year = {2016},
    journal = {Journal of the American Medical Informatics Association},
    author = {Wu, Yonghui and Denny, Joshua C and Rosenbloom, S Trent and Miller, Randolph A and Giuse, Dario A and Wang, Lulu and Blanquicett, Carmelo and Soysal, Ergin and Xu, Jun and Xu, Hua},
    number = {e1},
    month = {8},
    pages = {ocw109},
    volume = {24},
    url = {http://www.ncbi.nlm.nih.gov/pubmed/27539197 https://academic.oup.com/jamia/article-lookup/doi/10.1093/jamia/ocw109},
    doi = {10.1093/jamia/ocw109},
    issn = {1067-5027},
    pmid = {27539197},
    keywords = {clinical abbreviation, clinical natural language processing, machine learning, sense clustering}
}

@article{Zhu2009,
    title = {{A review of auditing methods applied to the content of controlled biomedical terminologies.}},
    year = {2009},
    journal = {Journal of biomedical informatics},
    author = {Zhu, Xinxin and Fan, Jung-Wei and Baorto, David M and Weng, Chunhua and Cimino, James J},
    number = {3},
    month = {6},
    pages = {413--25},
    volume = {42},
    url = {http://www.ncbi.nlm.nih.gov/pubmed/19285571 http://www.pubmedcentral.nih.gov/articlerender.fcgi?artid=PMC3505841},
    doi = {10.1016/j.jbi.2009.03.003},
    issn = {1532-0480},
    pmid = {19285571}
}

@article{Luna2013,
    title = {{Accuracy of an electronic problem list from primary care providers and specialists.}},
    year = {2013},
    journal = {Studies in health technology and informatics},
    author = {Luna, Daniel and Franco, Mariano and Plaza, Claudio and Otero, Carlos and Wassermann, Santiago and Gambarte, Maria Laura and Giunta, Diego and Gonz{\'{a}}lez Bernaldo de Quir{\'{o}}s, Fernán},
    month = {1},
    pages = {417--21},
    volume = {192},
    url = {http://www.ncbi.nlm.nih.gov/pubmed/23920588},
    issn = {0926-9630},
    pmid = {23920588},
    keywords = {Argentina, Electronic Health Records, Electronic Health Records: standards, Electronic Health Records: statistics {\&} numerical, Guideline Adherence, Guideline Adherence: statistics {\&} numerical data, Health Records, Personal, Medical Errors, Medical Errors: classification, Medical Errors: statistics {\&} numerical data, Physicians, Primary Care, Physicians, Primary Care: statistics {\&} numerical d, Practice Guidelines as Topic, Primary Health Care, Primary Health Care: standards, Reproducibility of Results, Sensitivity and Specificity}
}

@article{Mabotuwana2013,
    title = {{An ontology-based similarity measure for biomedical data – Application to radiology reports}},
    year = {2013},
    journal = {Journal of Biomedical Informatics},
    author = {Mabotuwana, Thusitha and Lee, Michael C. and Cohen-Solal, Eric V.},
    number = {5},
    month = {10},
    pages = {857--868},
    volume = {46},
    publisher = {Academic Press},
    url = {https://www.sciencedirect.com/science/article/pii/S1532046413000889?via%3Dihub},
    doi = {10.1016/J.JBI.2013.06.013},
    issn = {1532-0464}
}

@article{Cornet2008,
    title = {{Auditing description-logic-based medical terminological systems by detecting equivalent concept definitions}},
    year = {2008},
    journal = {International Journal of Medical Informatics},
    author = {Cornet, Ronald and Abu-Hanna, Ameen},
    number = {5},
    pages = {336--345},
    volume = {77},
    doi = {10.1016/j.ijmedinf.2007.06.008},
    issn = {13865056}
}

@article{Jiang,
    title = {{Auditing the semantic completeness of SNOMED CT using formal concept analysis.}},
    journal = {Journal of the American Medical Informatics Association : JAMIA},
    author = {Jiang, Guoqian and Chute, Christopher G},
    number = {1},
    pages = {89--102},
    volume = {16},
    url = {http://www.ncbi.nlm.nih.gov/pubmed/18952949 http://www.pubmedcentral.nih.gov/articlerender.fcgi?artid=PMC2605587},
    doi = {10.1197/jamia.M2541},
    issn = {1067-5027},
    pmid = {18952949}
}

@article{Finlayson2014,
    title = {{Building the graph of medicine from millions of clinical narratives.}},
    year = {2014},
    journal = {Scientific data},
    author = {Finlayson, Samuel G and LePendu, Paea and Shah, Nigam H},
    month = {1},
    pages = {140032},
    volume = {1},
    publisher = {Nature Publishing Group},
    url = {http://www.nature.com/articles/sdata201432},
    isbn = {doi:10.1038/sdata.2014.32},
    doi = {10.1038/sdata.2014.32},
    issn = {2052-4463},
    pmid = {25977789},
    keywords = {Data mining, Diagnosis, Epidemiology, Outcomes research},
    language = {en}
}

@inproceedings{lopez2004codificacion,
    title = {{Codificaci{\'{o}}n m{\'{u}}ltiple de una lista de problemas utilizando la CIAP-2, CIE-10 y SNOMED CT}},
    year = {2004},
    booktitle = {3er Virtual Congress of Medical Informatics-Informedica},
    author = {L{\'{o}}pez Osornio, A and Montenegro, S and Garc{\'{i}}a Mart{\'{i}}, S and Toselli, L and Otero, C and Tavasci, I and Luna, D and Gomez, A and de Quiros, F}
}

@article{Watts1998,
    title = {{Collective dynamics of ‘small-world’ networks}},
    year = {1998},
    journal = {Nature},
    author = {Watts, Duncan J. and Strogatz, Steven H.},
    number = {6684},
    month = {6},
    pages = {440--442},
    volume = {393},
    publisher = {Nature Publishing Group},
    url = {http://www.nature.com/articles/30918},
    isbn = {0028-0836},
    doi = {10.1038/30918},
    issn = {0028-0836},
    pmid = {9623998},
    arxivId = {0803.0939v1}
}

@article{BOCCALETTI2006,
    title = {{Complex networks: Structure and dynamics}},
    year = {2006},
    journal = {Physics Reports},
    author = {Boccaletti, Stefano and Latora, V. and Moreno, Y. and Chavez, M. and Hwang, D. U.},
    number = {4-5},
    month = {2},
    pages = {175--308},
    volume = {424},
    url = {http://linkinghub.elsevier.com/retrieve/pii/S037015730500462X},
    doi = {10.1016/j.physrep.2005.10.009},
    issn = {03701573}
}

@book{Cohen2010,
    title = {{Complex Networks: Structure, Robustness and Function}},
    year = {2010},
    author = {Cohen, Reuven and Havlin, Shlomo},
    publisher = {Cambridge University Press},
    url = {https://books.google.com/books?id=1ECLiFrKulIC&pgis=1},
    isbn = {1139489275}
}

@misc{tuprints4342,
    title = {{Composing Measures for Computing Text Similarity}},
    year = {2015},
    author = {B{\"{a}}r, Daniel and Zesch, Torsten and Gurevych, Iryna},
    url = {http://tuprints.ulb.tu-darmstadt.de/4342/},
    address = {Darmstadt, Germany},
    keywords = {Text Similarity Plagiarism Paraphrase Recognition}
}

@article{BenAouicha2016,
    title = {{Computing semantic similarity between biomedical concepts using new information content approach}},
    year = {2016},
    journal = {Journal of Biomedical Informatics},
    author = {Ben Aouicha, Mohamed and Hadj Taieb, Mohamed Ali},
    month = {2},
    pages = {258--275},
    volume = {59},
    publisher = {Academic Press},
    url = {https://www.sciencedirect.com/science/article/pii/S1532046415002877},
    doi = {10.1016/J.JBI.2015.12.007},
    issn = {1532-0464}
}

@incollection{Lezcano2011,
    title = {{Connectivity and Semantic Patterns in Automatically Generated SNOMED-CT Subsets}},
    year = {2011},
    booktitle = {Communications in Computer and Information Science},
    author = {Lezcano, Leonardo and Sicilia, Miguel-Angel},
    pages = {117--125},
    volume = {240 CCIS},
    url = {http://link.springer.com/10.1007/978-3-642-24731-6_11},
    isbn = {9783642247309},
    doi = {10.1007/978-3-642-24731-6{\_}11},
    issn = {18650929},
    keywords = {SNOMED-CT, connectivity, graphs measures, subsets}
}

@inproceedings{lopez2002creacion,
    title = {{Creaci{\'{o}}n de un sistema para la codificaci{\'{o}}n autom{\'{a}}tica de una lista de problemas}},
    year = {2002},
    booktitle = {5to Simposio de Inform{\'{a}}tica en Salud-31 JAIIO},
    author = {L{\'{o}}pez Osornio, Alejandro and Luna, Daniel and de Quiros, F G Bernaldo}
}

@inproceedings{lopez2005desarrollo,
    title = {{Desarrollo de un servidor de terminolog{\'{i}}a cl{\'{i}}nico}},
    year = {2005},
    booktitle = {8mo Simposio de Inform{\'{a}}tica en Salud-34 JAIIO},
    author = {L{\'{o}}pez Osornio, A and Gambarte, M L and Otero, C and Gomez, A and Martinez, M and Soriano, E and Luna, D and Otero, P and Clusella, M M and Mitre, M G and {others}},
    pages = {29--43}
}

@article{Chute1999,
    title = {{Desiderata for a clinical terminology server.}},
    year = {1999},
    journal = {Proceedings. AMIA Symposium},
    author = {Chute, C G and Elkin, P L and Sherertz, D D and Tuttle, M S},
    pages = {42--6},
    publisher = {American Medical Informatics Association},
    url = {http://www.ncbi.nlm.nih.gov/pubmed/10566317 http://www.pubmedcentral.nih.gov/articlerender.fcgi?artid=PMC2232621},
    issn = {1531-605X},
    pmid = {10566317}
}

@article{Haaren2013,
    title = {{Exploring disease interactions using Markov networks}},
    year = {2013},
    journal = {AAAI Workshop - Technical Report},
    author = {Van Haaren, Jan and Davis, Jesse and Lappenschaar, Martijn and Hommersom, Arjen},
    pages = {65--70},
    volume = {WS-13-09},
    url = {https://lirias.kuleuven.be/bitstream/123456789/400315/1/hiai13-paper.pdf},
    isbn = {9781577356202}
}

@inproceedings{SciPyProceedings_11,
    title = {{Exploring Network Structure, Dynamics, and Function using NetworkX}},
    year = {2008},
    booktitle = {Proceedings of the 7th Python in Science Conference},
    author = {Hagberg, Aric A and Schult, Daniel A and Swart, Pieter J},
    editor = {Varoquaux, Gaël and Vaught, Travis and Millman, Jarrod},
    pages = {11--15},
    address = {Pasadena, CA USA}
}

@article{Gan2013,
    title = {{From ontology to semantic similarity: calculation of ontology-based semantic similarity.}},
    year = {2013},
    journal = {TheScientificWorldJournal},
    author = {Gan, Mingxin and Dou, Xue and Jiang, Rui},
    month = {1},
    pages = {793091},
    volume = {2013},
    url = {http://www.pubmedcentral.nih.gov/articlerender.fcgi?artid=3603583&tool=pmcentrez&rendertype=abstract},
    doi = {10.1155/2013/793091},
    issn = {1537-744X},
    pmid = {23533360},
    keywords = {Databases, Genetic, Genetic Predisposition to Disease, Genetic Predisposition to Disease: genetics, Natural Language Processing, Neural Networks (Computer), Phenotype, Protein Interaction Maps, Semantics, Software, Vocabulary, Controlled}
}

@article{Gan2013b,
    title = {{From ontology to semantic similarity: calculation of ontology-based semantic similarity.}},
    year = {2013},
    journal = {TheScientificWorldJournal},
    author = {Gan, Mingxin and Dou, Xue and Jiang, Rui},
    month = {2},
    pages = {793091},
    volume = {2013},
    publisher = {Hindawi},
    url = {http://www.ncbi.nlm.nih.gov/pubmed/23533360 http://www.pubmedcentral.nih.gov/articlerender.fcgi?artid=PMC3603583},
    doi = {10.1155/2013/793091},
    issn = {1537-744X},
    pmid = {23533360}
}

@article{Saramaki2006,
    title = {{Generalizations of the clustering coefficient to weighted complex networks}},
    year = {2007},
    journal = {Physical Review E - Statistical, Nonlinear, and Soft Matter Physics},
    author = {Saram{\"{a}}ki, Jari and Kivel{\"{a}}, Mikko and Onnela, Jukka Pekka and Kaski, Kimmo and Kert{\'{e}}sz, János},
    number = {2},
    month = {8},
    pages = {027105},
    volume = {75},
    url = {http://arxiv.org/abs/cond-mat/0608670 http://dx.doi.org/10.1103/PhysRevE.75.027105},
    doi = {10.1103/PhysRevE.75.027105},
    issn = {15393755},
    arxivId = {cond-mat/0608670}
}

@article{Rector,
    title = {{Getting the foot out of the pelvis: modeling problems affecting use of SNOMED CT hierarchies in practical applications.}},
    year = {2011},
    journal = {Journal of the American Medical Informatics Association : JAMIA},
    author = {Rector, Alan L and Brandt, Sam and Schneider, Thomas},
    number = {4},
    month = {1},
    pages = {432--40},
    volume = {18},
    url = {http://www.pubmedcentral.nih.gov/articlerender.fcgi?artid=3128394&tool=pmcentrez&rendertype=abstract},
    doi = {10.1136/amiajnl-2010-000045},
    issn = {1527-974X},
    pmid = {21515545},
    keywords = {Disease, Disease: classification, Humans, Models, Quality Control, Reproducibility of Results, Systematized Nomenclature of Medicine, Theoretical}
}

@article{Rectora,
    title = {{Getting the foot out of the pelvis: modeling problems affecting use of SNOMED CT hierarchies in practical applications.}},
    year = {2011},
    journal = {Journal of the American Medical Informatics Association : JAMIA},
    author = {Rector, Alan L and Brandt, Sam and Schneider, Thomas},
    number = {4},
    pages = {432--40},
    volume = {18},
    url = {http://www.ncbi.nlm.nih.gov/pubmed/21515545 http://www.pubmedcentral.nih.gov/articlerender.fcgi?artid=PMC3128394},
    doi = {10.1136/amiajnl-2010-000045},
    issn = {1527-974X},
    pmid = {21515545}
}

@book{Brath,
    title = {{Graph analysis and visualization discovering business opportunity in linked data}},
    author = {Brath, Richard and Jonker, David},
    pages = {513},
    isbn = {9781118845844}
}

@book{Brath2015,
    title = {{Graph Analysis and Visualization: Discovering Business Opportunity in Linked Data}},
    year = {2015},
    author = {Brath, Richard and Jonker, David},
    pages = {544},
    publisher = {Wiley},
    url = {https://books.google.com/books?id=6SlUBgAAQBAJ&pgis=1},
    isbn = {1118845692}
}

@incollection{Tang2010,
    title = {{Graph Mining Applications to Social Network Analysis}},
    year = {2010},
    author = {Tang, Lei and Liu, Huan},
    pages = {487--513},
    publisher = {Springer US},
    url = {http://link.springer.com/10.1007/978-1-4419-6045-0_16 http://www.leitang.net/papers/graph_mining.pdf},
    doi = {10.1007/978-1-4419-6045-0{\_}16}
}

@book{ProjectManagementInstituteUpperDarby2008,
    title = {{Guía de los fundamentos para la dirección de proyectos : (Guía del PMBOK)}},
    year = {2008},
    author = {Project Management Institute (Upper Darby, Pa.)},
    publisher = {Project Management Institute},
    url = {https://books.google.com.ar/books/about/Guia_de_los_fundamentos_para_la_direccio.html?id=47xVPgAACAAJ&source=kp_cover&redir_esc=y},
    isbn = {193389072X}
}

@inproceedings{luna2003implementacion,
    title = {{Implementaci{\'{o}}n de una Historia Cl{\'{i}}nica Electr{\'{o}}nica Ambulatoria:" Proyecto ITALICA}},
    year = {2003},
    booktitle = {6to Simposio de Inform{\'{a}}tica en Salud-32 JAIIO},
    author = {Luna, Daniel and Otero, Paula and Gomez, A and Martinez, M and Garc{\'{i}}a Mart{\'{i}}, S and Schpilberg, M and Lopez Osornio, A and Quiros, F},
    volume = {32},
    organization = {Buenos Aires, Argentina;}
}

@article{Luna2010,
    title = {{Implementation of interinstitutional and transnational remote terminology services.}},
    year = {2010},
    journal = {AMIA ... Annual Symposium proceedings. AMIA Symposium},
    author = {Luna, Daniel and Lopez, Gastón and Otero, Carlos and Mauro, Alejandro and Casanelli, Claudio Torres and Gonz{\'{a}}lez Bernaldo de Quir{\'{o}}s, Fernán},
    month = {11},
    pages = {482--6},
    volume = {2010},
    url = {http://www.ncbi.nlm.nih.gov/pubmed/21347025 http://www.pubmedcentral.nih.gov/articlerender.fcgi?artid=PMC3041368},
    issn = {1942-597X},
    pmid = {21347025}
}

@phdthesis{Otero2014,
    title = {{Improving the granularity of the electronic health record problem list}},
    year = {2014},
    booktitle = {Scholar Archive},
    author = {Otero, Carlos},
    url = {http://digitalcommons.ohsu.edu/etd/3532}
}

@book{Rodriguez-Solano2013,
    title = {{Information Systems and Technologies for Enhancing Health and Social Care}},
    year = {2013},
    author = {Rodr{\'{i}}guez-Solano, Carlos and Lezcano, Leonardo and Sicilia, Miguel-Ángel},
    editor = {Martinho, Ricardo and Rijo, Rui and Cruz-Cunha, Maria Manuela and Varaj{\~{a}}o, João},
    month = {1},
    publisher = {IGI Global},
    url = {http://www.igi-global.com/chapter/automated-generation-snomed-subsets-clinical/75629},
    isbn = {9781466636675},
    doi = {10.4018/978-1-4666-3667-5},
    language = {English}
}

@book{Manning2008,
    title = {{Introduction to information retrieval}},
    year = {2008},
    author = {Manning, Christopher D. and Raghavan, Prabhakar. and Schütze, Hinrich.},
    pages = {482},
    publisher = {Cambridge University Press},
    url = {https://books.google.com.ar/books/about/Introduction_to_Information_Retrieval.html?id=GNvtngEACAAJ&source=kp_cover&redir_esc=y},
    isbn = {0521865719}
}

@article{Rector2012,
    title = {{Lexically suggest, logically define: quality assurance of the use of qualifiers and expected results of post-coordination in SNOMED CT.}},
    year = {2012},
    journal = {Journal of biomedical informatics},
    author = {Rector, Alan and Iannone, Luigi},
    number = {2},
    month = {4},
    pages = {199--209},
    volume = {45},
    url = {http://www.sciencedirect.com/science/article/pii/S1532046411001687},
    doi = {10.1016/j.jbi.2011.10.002},
    issn = {1532-0480},
    pmid = {22024315},
    keywords = {Algorithms, Chronic Disease, Chronic Disease: classification, Databases, Factual, Medical Informatics, Quality Assurance, Health Care, Systematized Nomenclature of Medicine, Terminology as Topic}
}

@article{Rector2012a,
    title = {{Lexically suggest, logically define: quality assurance of the use of qualifiers and expected results of post-coordination in SNOMED CT.}},
    year = {2012},
    journal = {Journal of biomedical informatics},
    author = {Rector, Alan and Iannone, Luigi},
    number = {2},
    month = {4},
    pages = {199--209},
    volume = {45},
    url = {http://www.ncbi.nlm.nih.gov/pubmed/22024315},
    doi = {10.1016/j.jbi.2011.10.002},
    issn = {1532-0480},
    pmid = {22024315}
}

@article{Kaiser2008,
    title = {{Mean clustering coefficients: the role of isolated nodes and leafs on clustering measures for small-world networks}},
    year = {2008},
    journal = {New Journal of Physics},
    author = {Kaiser, Marcus},
    number = {8},
    month = {2},
    pages = {083042},
    volume = {10},
    url = {http://arxiv.org/abs/0802.2512 http://dx.doi.org/10.1088/1367-2630/10/8/083042},
    doi = {10.1088/1367-2630/10/8/083042},
    arxivId = {0802.2512}
}

@article{Pedersen2007,
    title = {{Measures of semantic similarity and relatedness in the biomedical domain}},
    year = {2007},
    journal = {Journal of Biomedical Informatics},
    author = {Pedersen, Ted and Pakhomov, Serguei V.S. and Patwardhan, Siddharth and Chute, Christopher G.},
    number = {3},
    month = {6},
    pages = {288--299},
    volume = {40},
    url = {http://www.ncbi.nlm.nih.gov/pubmed/16875881 http://linkinghub.elsevier.com/retrieve/pii/S1532046406000645},
    doi = {10.1016/j.jbi.2006.06.004},
    issn = {15320464},
    pmid = {16875881}
}

@article{Weed1968,
    title = {{Medical records that guide and teach.}},
    year = {1968},
    journal = {The New England journal of medicine},
    author = {Weed, L L},
    number = {11},
    month = {3},
    pages = {593--600},
    volume = {278},
    url = {http://www.ncbi.nlm.nih.gov/pubmed/5637758},
    doi = {10.1056/NEJM196803142781105},
    issn = {0028-4793},
    pmid = {5637758}
}

@book{Cook2006,
    title = {{Mining Graph Data}},
    year = {2006},
    author = {Cook, Diane J. and Holder, Lawrence B.},
    month = {9},
    publisher = {John Wiley {\&} Sons},
    url = {http://dl.acm.org/citation.cfm?id=1050985},
    isbn = {0471731900}
}

@article{Dahlem2015,
    title = {{Predictability Bounds of Electronic Health Records.}},
    year = {2015},
    journal = {Scientific reports},
    author = {Dahlem, Dominik and Maniloff, Diego and Ratti, Carlo},
    month = {1},
    pages = {11865},
    volume = {5},
    publisher = {Nature Publishing Group},
    url = {http://www.nature.com/srep/2015/150707/srep11865/full/srep11865.html},
    doi = {10.1038/srep11865},
    pmid = {26148751},
    language = {en}
}

@article{Rogers2006,
    title = {{Quality assurance of medical ontologies.}},
    year = {2006},
    journal = {Methods of information in medicine},
    author = {Rogers, J E},
    number = {3},
    pages = {267--74},
    volume = {45},
    url = {http://www.ncbi.nlm.nih.gov/pubmed/16685334 http://www.opengalen.org/download/Rogers-Quality-Assurance-of-Medical-Ontologies.pdf},
    issn = {0026-1270},
    pmid = {16685334}
}

@incollection{Dentler2013,
    title = {{Redundant Elements in SNOMED CT Concept Definitions}},
    year = {2013},
    author = {Dentler, Kathrin and Cornet, Ronald},
    pages = {186--195},
    publisher = {Springer Berlin Heidelberg},
    url = {http://link.springer.com/10.1007/978-3-642-38326-7_29 http://dentler.org/publications/AIME2013-Redundant-Elements-SNOMED.pdf},
    doi = {10.1007/978-3-642-38326-7{\_}29}
}

@article{Schulz2005,
    title = {{Semantic Clarification of the Representation of Procedures and Diseases in SNOMED((R))CT.}},
    year = {2005},
    journal = {Studies in health technology and informatics},
    author = {Schulz, Stefan and Hahn, Udo and Rogers, Jeremy},
    pages = {773--8},
    volume = {116},
    url = {http://www.ncbi.nlm.nih.gov/pubmed/16160352},
    issn = {0926-9630},
    pmid = {16160352}
}

@article{Budanitsky1998,
    title = {{Semantic distance in WordNet: An experimental, application-oriented evaluation of five measures}},
    year = {2001},
    journal = {Workshop on WordNet and Other Lexical},
    author = {Budanitsky, Alexander},
    url = {<a href="http://citeseerx.ist.psu.edu/viewdoc/download?doi=10.1.1.29.2985&amp;rep=rep1&amp;type=pdf">http://citeseerx.ist.psu.edu/viewdoc/download?doi=10.1.1.29.2985&amp;rep=rep1&amp;type=pdf</a>},
    keywords = {SML-LIB-BIBLIO, lang:ENG}
}

@article{Budanitsky2001,
    title = {{Semantic distance in WordNet: An experimental, application-oriented evaluation of five measures}},
    year = {2001},
    journal = {IN WORKSHOP ON WORDNET AND OTHER LEXICAL RESOURCES, SECOND MEETING OF THE NORTH AMERICAN CHAPTER OF THE ASSOCIATION FOR COMPUTATIONAL LINGUISTICS},
    author = {Budanitsky, Alexander and Budanitsky, Alexander and Hirst, Graeme},
    url = {http://citeseer.ist.psu.edu/viewdoc/summary?doi=10.1.1.13.545}
}

@article{Sanchez2011,
    title = {{Semantic similarity estimation in the biomedical domain: An ontology-based information-theoretic perspective}},
    year = {2011},
    journal = {Journal of Biomedical Informatics},
    author = {S{\'{a}}nchez, David and Batet, Montserrat},
    number = {5},
    month = {10},
    pages = {749--759},
    volume = {44},
    publisher = {Academic Press},
    url = {https://www.sciencedirect.com/science/article/pii/S1532046411000645},
    doi = {10.1016/J.JBI.2011.03.013},
    issn = {1532-0464}
}

@incollection{Bhattacharyya2016,
    title = {{SNOMED CT Basics}},
    year = {2016},
    booktitle = {Introduction to SNOMED CT},
    author = {Bhattacharyya, S. B.},
    pages = {25--60},
    publisher = {Springer Singapore},
    url = {http://link.springer.com/10.1007/978-981-287-895-3_4},
    address = {Singapore},
    doi = {10.1007/978-981-287-895-3{\_}4}
}

@incollection{Bhattacharyya2016a,
    title = {{SNOMED CT History and IHTSDO}},
    year = {2016},
    booktitle = {Introduction to SNOMED CT},
    author = {Bhattacharyya, S. B.},
    pages = {19--23},
    publisher = {Springer Singapore},
    url = {http://link.springer.com/10.1007/978-981-287-895-3_3},
    address = {Singapore},
    doi = {10.1007/978-981-287-895-3{\_}3}
}

@article{Schulz2009,
    title = {{SNOMED reaching its adolescence: ontologists' and logicians' health check.}},
    year = {2009},
    journal = {International journal of medical informatics},
    author = {Schulz, Stefan and Suntisrivaraporn, Boontawee and Baader, Franz and Boeker, Martin},
    month = {4},
    pages = {86--94},
    volume = {78 Suppl 1},
    url = {http://www.ncbi.nlm.nih.gov/pubmed/18789754},
    doi = {10.1016/j.ijmedinf.2008.06.004},
    issn = {1872-8243},
    pmid = {18789754}
}

@misc{RoMetke-jimenez,
    title = {{Snorocket 2.0: Concrete Domains and Concurrent Classification}},
    author = {Ro Metke-jimenez, Michael Lawley}
}

@book{Wasserman1994,
    title = {{Social Network Analysis: Methods and Applications}},
    year = {1996},
    booktitle = {The British Journal of Sociology},
    author = {Scott, John and Wasserman, Stanley and Faust, Katherine and Galaskiewicz, Joseph},
    number = {2},
    pages = {375},
    volume = {47},
    publisher = {Cambridge University Press},
    url = {http://www.jstor.org/stable/591741?origin=crossref},
    isbn = {0521387078},
    doi = {10.2307/591741},
    issn = {00071315},
    pmid = {52},
    arxivId = {arXiv:1011.1669v3}
}

@article{Schulz2006,
    title = {{The semantics of procedures and diseases in SNOMED?? CT}},
    year = {2006},
    journal = {Methods of Information in Medicine},
    author = {Schulz, Stefan and Hanser, S and Hahn, U and Rogers, J},
    number = {4},
    pages = {354--358},
    volume = {45},
    url = {http://www.ncbi.nlm.nih.gov/pubmed/16964349},
    isbn = {0026-1270},
    doi = {06040354 [pii]},
    issn = {00261270},
    pmid = {16964349},
    keywords = {Knowledge representation, Logic, SNOMED CT}
}

@article{Wang2010,
    title = {{The use of semantic distance metrics to support ontology audit}},
    year = {2010},
    journal = {AMIA Annual Symposium proceedings / AMIA Symposium. AMIA Symposium},
    author = {Wang, Jian and Day, Roger and Visweswaran, Shyam and Hogan, William},
    month = {1},
    pages = {842--846},
    volume = {2010},
    url = {http://www.pubmedcentral.nih.gov/articlerender.fcgi?artid=3041307&tool=pmcentrez&rendertype=abstract},
    issn = {1942597X},
    pmid = {21347097},
    keywords = {Biological Ontologies, Controlled, Humans, Semantics, Systematized Nomenclature of Medicine, Vocabulary}
}

@inproceedings{Cornet2013,
    title = {{User-directed coordination in SNOMED CT}},
    year = {2013},
    booktitle = {Studies in Health Technology and Informatics},
    author = {Cornet, Ronald and Nystr{\"{o}}m, Mikael and Karlsson, Daniel},
    number = {1-2},
    volume = {192},
    url = {http://ebooks.iospress.nl/publication/33960},
    isbn = {9781614992882},
    doi = {10.3233/978-1-61499-289-9-72},
    issn = {09269630},
    pmid = {23920518}
}

@article{article,
    title = {{Why assessing relevance in medical IR is demanding}},
    year = {2014},
    journal = {CEUR Workshop Proceedings},
    author = {Koopman, B and Zuccon, Guido},
    pages = {16--19},
    volume = {1276}
}

@incollection{Marbn2009AModel,
    title = {{A Data Mining {\&} Knowledge Discovery Process Model}},
    year = {2009},
    booktitle = {Data Mining and Knowledge Discovery in Real Life Applications},
    author = {Marbn, scar and Mariscal, Gonzalo and Segovi, Javier},
    isbn = {9783902613530},
    doi = {10.5772/6438},
    issn = {978-3-902613-53-0},
    pmid = {100220790},
    arxivId = {1411.2705}
}

@book{Estrada2015ATheory,
    title = {{A first course in network theory}},
    year = {2015},
    author = {Estrada, Ernesto. and Knight, Philip.},
    pages = {288},
    url = {https://books.google.com.ar/books?id=4iB-BwAAQBAJ&pg=PA225&dq=network+is&hl=es&sa=X&ved=0ahUKEwiY39bNx6TfAhVEgJAKHQFgAtcQ6AEIMDAB#v=onepage&q=network is&f=false},
    isbn = {0191039926}
}

@article{Wu2016ACARD,
    title = {{A long journey to short abbreviations: developing an open-source framework for clinical abbreviation recognition and disambiguation (CARD)}},
    year = {2016},
    journal = {Journal of the American Medical Informatics Association},
    author = {Wu, Yonghui and Denny, Joshua C and Rosenbloom, S Trent and Miller, Randolph A and Giuse, Dario A and Wang, Lulu and Blanquicett, Carmelo and Soysal, Ergin and Xu, Jun and Xu, Hua},
    number = {e1},
    month = {8},
    pages = {ocw109},
    volume = {24},
    publisher = {Oxford University Press},
    url = {https://academic.oup.com/jamia/article-lookup/doi/10.1093/jamia/ocw109},
    doi = {10.1093/jamia/ocw109},
    issn = {1067-5027}
}

@techreport{Castano2016ANormalization,
    title = {{A Machine Learning Approach to Clinical Terms Normalization}},
    year = {2016},
    author = {Casta{\~{n}}o, José and Berinsky, Hernán and Park, Hee and P{\'{e}}rez, David and Pilar´ Pilar´avila, Pilar´avila and Gambarte, Laura and Ben{\'{i}}tez, Sonia and Luna, Daniel and Campos, Fernando and Zanetti, Sofía},
    pages = {1--11},
    url = {https://www.aclweb.org/anthology/W16-2901}
}

@inproceedings{Renato2018ATerms,
    title = {{A Machine Translation Approach for Medical Terms}},
    year = {2018},
    booktitle = {Proceedings of the 11th International Joint Conference on Biomedical Engineering Systems and Technologies},
    author = {Renato, Alejandro and Casta{\~{n}}o, José and {\'{A}}vila, Pilar and Berinsky, Hernán and Gambarte, Laura and Park, Hee and P{\'{e}}rez, David and Otero, Carlos and Luna, Daniel},
    pages = {369--378},
    publisher = {SCITEPRESS - Science and Technology Publications},
    url = {http://www.scitepress.org/DigitalLibrary/Link.aspx?doi=10.5220/0006555003690378},
    isbn = {978-989-758-281-3},
    doi = {10.5220/0006555003690378}
}

@article{Rosenbloom2008ATerminologies.,
    title = {{A model for evaluating interface terminologies.}},
    year = {2008},
    journal = {Journal of the American Medical Informatics Association : JAMIA},
    author = {Rosenbloom, S Trent and Miller, Randolph A and Johnson, Kevin B and Elkin, Peter L and Brown, Steven H},
    number = {1},
    pages = {65--76},
    volume = {15},
    publisher = {American Medical Informatics Association},
    url = {http://www.ncbi.nlm.nih.gov/pubmed/17947616 http://www.pubmedcentral.nih.gov/articlerender.fcgi?artid=PMC2274877},
    doi = {10.1197/jamia.M2506},
    issn = {1067-5027},
    pmid = {17947616}
}

@article{Sheehan2008AAnnotations.,
    title = {{A relation based measure of semantic similarity for Gene Ontology annotations.}},
    year = {2008},
    journal = {BMC bioinformatics},
    author = {Sheehan, Brendan and Quigley, Aaron and Gaudin, Benoit and Dobson, Simon},
    month = {11},
    pages = {468},
    volume = {9},
    publisher = {BioMed Central},
    url = {http://www.ncbi.nlm.nih.gov/pubmed/18983678 http://www.pubmedcentral.nih.gov/articlerender.fcgi?artid=PMC2655092},
    doi = {10.1186/1471-2105-9-468},
    issn = {1471-2105},
    pmid = {18983678}
}

@article{Zare2015ASNOMED-CT,
    title = {{A Review of Semantic Similarity Measures in Biomedical Domain Using SNOMED-CT}},
    year = {2015},
    journal = {Journal of Soft Computing and Decision Support Systems},
    author = {Zare, Mojtaba and Zare, Mojtaba and Pahl, Christina and Nilashi, Mehrbakhsh and Salim, Naomie and Ibrahim, Othman},
    number = {6},
    month = {9},
    pages = {1--13},
    volume = {2},
    url = {http://jscdss.com/index.php/files/article/view/61},
    issn = {xxxx-xxxx}
}

@article{Castano2018A2018,
    title = {{A Simple Approach to Abbreviation Resolution at BARR2, IberEval 2018}},
    year = {2018},
    journal = {undefined},
    author = {Casta{\~{n}}o, José and {\'{A}}vila, Pilar and P{\'{e}}rez, David and Berinsky, Hernán and Park, Hee Chul and Gambarte, Maria Laura and Luna, Daniel R.},
    url = {https://www.semanticscholar.org/paper/A-Simple-Approach-to-Abbreviation-Resolution-at-Casta%C3%B1o-%C3%81vila/e89466eb7b7c1e6defece0220ac430933f4f5887}
}

@article{Lee2013AImplementations.,
    title = {{A survey of SNOMED CT implementations.}},
    year = {2013},
    journal = {Journal of biomedical informatics},
    author = {Lee, Dennis and Cornet, Ronald and Lau, Francis and de Keizer, Nicolette},
    number = {1},
    month = {2},
    pages = {87--96},
    volume = {46},
    url = {http://linkinghub.elsevier.com/retrieve/pii/S1532046412001530 http://www.ncbi.nlm.nih.gov/pubmed/23041717},
    doi = {10.1016/j.jbi.2012.09.006},
    issn = {1532-0480},
    pmid = {23041717}
}

@book{Balakrishnan2000ATheory,
    title = {{A Textbook of Graph Theory}},
    year = {2000},
    author = {Balakrishnan, R. and Ranganathan, K.},
    series = {Universitext},
    publisher = {Springer New York},
    url = {http://link.springer.com/10.1007/978-1-4419-8505-7},
    address = {New York, NY},
    isbn = {978-1-4612-6422-4},
    doi = {10.1007/978-1-4419-8505-7}
}

@article{Pakhomov2005AbbreviationDiscourse.,
    title = {{Abbreviation and acronym disambiguation in clinical discourse.}},
    year = {2005},
    journal = {AMIA ... Annual Symposium proceedings. AMIA Symposium},
    author = {Pakhomov, Sergeui and Pedersen, Ted and Chute, Christopher G},
    pages = {589--93},
    volume = {2005},
    publisher = {American Medical Informatics Association},
    url = {http://www.ncbi.nlm.nih.gov/pubmed/16779108 http://www.pubmedcentral.nih.gov/articlerender.fcgi?artid=PMC1560669},
    issn = {1942-597X},
    pmid = {16779108}
}

@article{Luna2013AccuracySpecialists.,
    title = {{Accuracy of an electronic problem list from primary care providers and specialists.}},
    year = {2013},
    journal = {Studies in health technology and informatics},
    author = {Luna, Daniel and Franco, Mariano and Plaza, Claudio and Otero, Carlos and Wassermann, Santiago and Gambarte, Maria Laura and Giunta, Diego and Gonz{\'{a}}lez Bernaldo de Quir{\'{o}}s, Fernán},
    pages = {417--21},
    volume = {192},
    url = {http://www.ncbi.nlm.nih.gov/pubmed/23920588},
    issn = {0926-9630},
    pmid = {23920588}
}

@article{El-Sappagh2016AnOntology,
    title = {{An encoding methodology for medical knowledge using SNOMED CT ontology}},
    year = {2016},
    journal = {Journal of King Saud University - Computer and Information Sciences},
    author = {El-Sappagh, Shaker and Elmogy, Mohammed},
    number = {3},
    pages = {311--329},
    volume = {28},
    doi = {10.1016/j.jksuci.2015.10.002},
    issn = {13191578}
}

@article{Fung2015AnCT,
    title = {{An exploration of the properties of the CORE problem list subset and how it facilitates the implementation of SNOMED CT}},
    year = {2015},
    journal = {Journal of the American Medical Informatics Association},
    author = {Fung, K. W. and Xu, J.},
    number = {3},
    month = {2},
    pages = {649--658},
    volume = {22},
    publisher = {Oxford University Press},
    url = {https://academic.oup.com/jamia/article-lookup/doi/10.1093/jamia/ocu022},
    doi = {10.1093/jamia/ocu022},
    issn = {1067-5027}
}

@article{Aronson2010AnAdvances,
    title = {{An overview of MetaMap: historical perspective and recent advances}},
    year = {2010},
    journal = {Journal of the American Medical Informatics Association},
    author = {Aronson, Alan R and Lang, François-Michel},
    number = {3},
    month = {5},
    pages = {229--236},
    volume = {17},
    url = {http://www.ncbi.nlm.nih.gov/pubmed/20442139 http://www.pubmedcentral.nih.gov/articlerender.fcgi?artid=PMC2995713 https://academic.oup.com/jamia/article-lookup/doi/10.1136/jamia.2009.002733},
    doi = {10.1136/jamia.2009.002733},
    issn = {1067-5027},
    pmid = {20442139}
}

@article{Pustejovsky2001AutomaticDatabases.,
    title = {{Automatic extraction of acronym-meaning pairs from MEDLINE databases.}},
    year = {2001},
    journal = {Studies in health technology and informatics},
    author = {Pustejovsky, J and Casta{\~{n}}o, J and Cochran, B and Kotecki, M and Morrell, M},
    number = {Pt 1},
    pages = {371--5},
    volume = {84},
    url = {http://www.ncbi.nlm.nih.gov/pubmed/11604766},
    issn = {0926-9630},
    pmid = {11604766}
}

@incollection{Bhattacharyya2016ClinicalCT,
    title = {{Clinical Analytics with SNOMED CT}},
    year = {2016},
    booktitle = {Introduction to SNOMED CT},
    author = {Bhattacharyya, S. B.},
    pages = {131--155},
    publisher = {Springer Singapore},
    url = {http://link.springer.com/10.1007/978-981-287-895-3_8},
    address = {Singapore},
    doi = {10.1007/978-981-287-895-3{\_}8}
}

@article{Yu2012ClinicalSNOMED-CT,
    title = {{Clinical coverage of an archetype repository over SNOMED-CT}},
    year = {2012},
    journal = {Journal of Biomedical Informatics},
    author = {Yu, Sheng and Berry, Damon and Bisbal, Jesus},
    number = {3},
    month = {6},
    pages = {408--418},
    volume = {45},
    url = {http://www.ncbi.nlm.nih.gov/pubmed/22200680 http://linkinghub.elsevier.com/retrieve/pii/S1532046411002152},
    doi = {10.1016/j.jbi.2011.12.001},
    issn = {15320464},
    pmid = {22200680}
}

@article{Traag2009CommunityLinks.,
    title = {{Community detection in networks with positive and negative links.}},
    year = {2009},
    journal = {Physical review. E, Statistical, nonlinear, and soft matter physics},
    author = {Traag, V A and Bruggeman, Jeroen},
    number = {3 Pt 2},
    month = {9},
    pages = {036115},
    volume = {80},
    url = {http://arxiv.org/abs/0811.2329},
    doi = {10.1103/PhysRevE.80.036115},
    issn = {1550-2376},
    pmid = {19905188},
    arxivId = {0811.2329},
    keywords = {Computer Simulation, Feedback, Models, Theoretical, Population Dynamics, Residence Characteristics, Social Behavior, Social Support}
}

@article{Girvan2002CommunityNetworks.,
    title = {{Community structure in social and biological networks.}},
    year = {2002},
    journal = {Proceedings of the National Academy of Sciences of the United States of America},
    author = {Girvan, M and Newman, M E J and Cecconi, Federico and Loreto, Vittorio and Parisi, Domenico},
    number = {12},
    month = {6},
    pages = {7821--6},
    volume = {99},
    publisher = {National Academy of Sciences},
    url = {http://www.ncbi.nlm.nih.gov/pubmed/12060727 http://www.pubmedcentral.nih.gov/articlerender.fcgi?artid=PMC122977},
    doi = {10.1073/pnas.122653799},
    issn = {0027-8424},
    pmid = {12060727}
}

@article{Girvan2002CommunityNetworks.b,
    title = {{Community structure in social and biological networks.}},
    year = {2002},
    journal = {Proceedings of the National Academy of Sciences of the United States of America},
    author = {Girvan, M and Newman, M E J},
    number = {12},
    month = {6},
    pages = {7821--6},
    volume = {99},
    publisher = {National Academy of Sciences},
    url = {http://www.ncbi.nlm.nih.gov/pubmed/12060727 http://www.pubmedcentral.nih.gov/articlerender.fcgi?artid=PMC122977},
    doi = {10.1073/pnas.122653799},
    issn = {0027-8424},
    pmid = {12060727}
}

@incollection{Pons2005ComputingWalks,
    title = {{Computing Communities in Large Networks Using Random Walks}},
    year = {2005},
    author = {Pons, Pascal and Latapy, Matthieu},
    month = {10},
    pages = {284--293},
    publisher = {Springer, Berlin, Heidelberg},
    url = {http://link.springer.com/10.1007/11569596_31},
    doi = {10.1007/11569596{\_}31}
}

@article{BenAouicha2016ComputingApproach,
    title = {{Computing semantic similarity between biomedical concepts using new information content approach}},
    year = {2016},
    journal = {Journal of Biomedical Informatics},
    author = {Ben Aouicha, Mohamed and Hadj Taieb, Mohamed Ali},
    month = {2},
    pages = {258--275},
    volume = {59},
    publisher = {Academic Press},
    url = {https://www.sciencedirect.com/science/article/pii/S1532046415002877},
    doi = {10.1016/J.JBI.2015.12.007},
    issn = {1532-0464}
}

@article{Takes2013ComputingGraphs,
    title = {{Computing the Eccentricity Distribution of Large Graphs}},
    year = {2013},
    journal = {Algorithms},
    author = {Takes, Frank and Kosters, Walter},
    number = {1},
    month = {2},
    pages = {100--118},
    volume = {6},
    url = {http://www.mdpi.com/1999-4893/6/1/100/},
    doi = {10.3390/a6010100},
    issn = {1999-4893}
}

@inproceedings{Ge2008ConceptDistance,
    title = {{Concept Similarity Matching Based on Semantic Distance}},
    year = {2008},
    booktitle = {2008 Fourth International Conference on Semantics, Knowledge and Grid},
    author = {Ge, Jike and Qiu, Yuhui},
    month = {12},
    pages = {380--383},
    publisher = {IEEE},
    url = {http://ieeexplore.ieee.org/articleDetails.jsp?arnumber=4725943 http://citeseerx.ist.psu.edu/viewdoc/download?doi=10.1.1.595.5955&rep=rep1&type=pdf},
    isbn = {978-0-7695-3401-5},
    doi = {10.1109/SKG.2008.24},
    keywords = {Algorithm design and analysis, Application software, Distributed computing, Grid computing, Information science, Mesh generation, OWL, Ontologies, Ontology, Routing, Semantic Web, Semantic distance, Similarity matching, Web services, concept similarity matching, semantic Web, semantic Web service, semantic distance, semantic grid service},
    language = {English}
}

@misc{SolidIT2019DB-EnginesDBMS,
    title = {{DB-Engines Ranking of Graph DBMS}},
    year = {2019},
    booktitle = {DB-Engines Ranking of Graph DBMS},
    author = {{Solid IT}},
    pages = {https://db-engines.com/en/ranking/graph+dbms},
    url = {https://db-engines.com/en/ranking/graph+dbms}
}

@article{Radicchi2004DefiningNetworks,
    title = {{Defining and identifying communities in networks}},
    year = {2004},
    journal = {Proceedings of the National Academy of Sciences},
    author = {Radicchi, F. and Castellano, C. and Cecconi, F. and Loreto, V. and Parisi, D.},
    number = {9},
    month = {3},
    pages = {2658--2663},
    volume = {101},
    url = {http://www.ncbi.nlm.nih.gov/pubmed/14981240 http://www.pubmedcentral.nih.gov/articlerender.fcgi?artid=PMC365677 http://www.pnas.org/cgi/doi/10.1073/pnas.0400054101},
    doi = {10.1073/pnas.0400054101},
    issn = {0027-8424},
    pmid = {14981240}
}

@article{Stevenson2010DisambiguationType,
    title = {{Disambiguation in the biomedical domain: The role of ambiguity type}},
    year = {2010},
    journal = {Journal of Biomedical Informatics},
    author = {Stevenson, Mark and Guo, Yikun},
    number = {6},
    month = {12},
    pages = {972--981},
    volume = {43},
    url = {http://www.ncbi.nlm.nih.gov/pubmed/20816855 http://linkinghub.elsevier.com/retrieve/pii/S1532046410001206},
    doi = {10.1016/j.jbi.2010.08.009},
    issn = {15320464},
    pmid = {20816855}
}

@article{Mikolov2013DistributedCompositionality,
    title = {{Distributed Representations of Words and Phrases and their Compositionality}},
    year = {2013},
    journal = {Nips},
    author = {Mikolov, Tomas and Chen, Kai and Corrado, Greg and Dean, Jeffrey},
    month = {10},
    pages = {1--9},
    url = {http://arxiv.org/abs/1310.4546 https://arxiv.org/pdf/1310.4546v1.pdf},
    isbn = {2150-8097},
    doi = {10.1162/jmlr.2003.3.4-5.951},
    issn = {10495258},
    pmid = {903},
    arxivId = {1310.4546}
}

@incollection{Bhattacharyya2016EnablingCT,
    title = {{Enabling SNOMED CT}},
    year = {2016},
    booktitle = {Introduction to SNOMED CT},
    author = {Bhattacharyya, S. B.},
    pages = {69--93},
    publisher = {Springer Singapore},
    url = {http://link.springer.com/10.1007/978-981-287-895-3_6},
    address = {Singapore},
    doi = {10.1007/978-981-287-895-3{\_}6}
}

@article{Powers2011Evaluation:Correlation,
    title = {{Evaluation: From precision, recall and f-measure to roc., informedness, markedness {\&} correlation}},
    year = {2011},
    journal = {Journal of Machine Learning Technologies},
    author = {{Powers}},
    number = {1},
    volume = {2}
}

@incollection{Bhattacharyya2016ExtendingCT,
    title = {{Extending SNOMED CT}},
    year = {2016},
    booktitle = {Introduction to SNOMED CT},
    author = {Bhattacharyya, S. B.},
    pages = {61--67},
    publisher = {Springer Singapore},
    url = {http://link.springer.com/10.1007/978-981-287-895-3_5},
    address = {Singapore},
    doi = {10.1007/978-981-287-895-3{\_}5}
}

@article{Newman2004FastNetworks,
    title = {{Fast algorithm for detecting community structure in networks}},
    year = {2004},
    journal = {Physical Review E},
    author = {Newman, M. E. J.},
    number = {6},
    month = {6},
    pages = {066133},
    volume = {69},
    url = {https://link.aps.org/doi/10.1103/PhysRevE.69.066133},
    doi = {10.1103/PhysRevE.69.066133},
    issn = {1539-3755}
}

@article{Blondel2008FastNetworks,
    title = {{Fast unfolding of communities in large networks}},
    year = {2008},
    journal = {Journal of Statistical Mechanics: Theory and Experiment},
    author = {Blondel, Vincent D and Guillaume, Jean-Loup and Lambiotte, Renaud and Lefebvre, Etienne},
    number = {10},
    month = {10},
    pages = {P10008},
    volume = {2008},
    url = {http://arxiv.org/abs/0803.0476},
    doi = {10.1088/1742-5468/2008/10/P10008},
    issn = {1742-5468},
    arxivId = {0803.0476}
}

@article{Newman2006FindingMatrices.,
    title = {{Finding community structure in networks using the eigenvectors of matrices.}},
    year = {2006},
    journal = {Physical review. E, Statistical, nonlinear, and soft matter physics},
    author = {Newman, M E J},
    number = {3 Pt 2},
    month = {9},
    pages = {036104},
    volume = {74},
    url = {http://arxiv.org/abs/physics/0605087},
    doi = {10.1103/PhysRevE.74.036104},
    issn = {1539-3755},
    pmid = {17025705},
    arxivId = {physics/0605087}
}

@article{Clauset2004FindingNetworks,
    title = {{Finding community structure in very large networks}},
    year = {2004},
    author = {Clauset, Aaron and Newman, M. E. J. and Moore, Cristopher},
    month = {8},
    url = {http://arxiv.org/abs/cond-mat/0408187 http://dx.doi.org/10.1103/PhysRevE.70.066111},
    doi = {10.1103/PhysRevE.70.066111},
    arxivId = {cond-mat/0408187}
}

@article{Rector1993GoalsProject.,
    title = {{Goals for concept representation in the GALEN project.}},
    year = {1993},
    journal = {Proceedings. Symposium on Computer Applications in Medical Care},
    author = {Rector, A L and Nowlan, W A and Glowinski, A},
    pages = {414--8},
    url = {http://www.ncbi.nlm.nih.gov/pubmed/8130507 http://www.pubmedcentral.nih.gov/articlerender.fcgi?artid=PMC2248542},
    issn = {0195-4210},
    pmid = {8130507}
}

@article{Versi1992GoldTerm.,
    title = {{Gold standard is an appropriate term.}},
    year = {1992},
    journal = {BMJ (Clinical research ed.)},
    author = {Versi, E},
    number = {6846},
    month = {7},
    pages = {187},
    volume = {305},
    publisher = {BMJ Publishing Group},
    url = {http://www.ncbi.nlm.nih.gov/pubmed/1515860 http://www.pubmedcentral.nih.gov/articlerender.fcgi?artid=PMC1883235},
    issn = {0959-8138},
    pmid = {1515860}
}

@book{Brath2015GraphData,
    title = {{Graph Analysis and Visualization: Discovering Business Opportunity in Linked Data}},
    year = {2015},
    author = {Brath, Richard and Jonker, David},
    pages = {544},
    publisher = {John Wiley {\&} Sons},
    url = {https://books.google.com.ar/books/about/Graph_Analysis_and_Visualization.html?id=pkPxBQAAQBAJ&pgis=1},
    isbn = {1118845846}
}

@book{Diestel2005GraphTheory,
    title = {{Graph theory}},
    year = {2005},
    author = {Diestel, Reinhard.},
    pages = {410},
    publisher = {Springer},
    url = {https://books.google.com.ar/books/about/Graph_Theory.html?id=aR2TMYQr2CMC&redir_esc=y},
    isbn = {3540261834}
}

@article{Zhou2014HumanNetwork,
    title = {{Human symptoms–disease network}},
    year = {2014},
    journal = {Nature Communications},
    author = {Zhou, XueZhong and Menche, Jörg and Barab{\'{a}}si, Albert-László and Sharma, Amitabh},
    month = {6},
    pages = {4212},
    volume = {5},
    url = {http://www.ncbi.nlm.nih.gov/pubmed/24967666 http://www.nature.com/doifinder/10.1038/ncomms5212},
    doi = {10.1038/ncomms5212},
    issn = {2041-1723},
    pmid = {24967666}
}

@article{Rosenbloom2006InterfaceSystems.,
    title = {{Interface terminologies: facilitating direct entry of clinical data into electronic health record systems.}},
    year = {2006},
    journal = {Journal of the American Medical Informatics Association : JAMIA},
    author = {Rosenbloom, S Trent and Miller, Randolph A and Johnson, Kevin B and Elkin, Peter L and Brown, Steven H},
    number = {3},
    pages = {277--88},
    volume = {13},
    publisher = {American Medical Informatics Association},
    url = {http://www.ncbi.nlm.nih.gov/pubmed/16501181 http://www.pubmedcentral.nih.gov/articlerender.fcgi?artid=PMC1513664},
    doi = {10.1197/jamia.M1957},
    issn = {1067-5027},
    pmid = {16501181}
}

@book{Bhattacharyya2016IntroductionCT,
    title = {{Introduction to SNOMED CT}},
    year = {2016},
    author = {Bhattacharyya, SB},
    publisher = {Springer Singapore},
    url = {http://link.springer.com/10.1007/978-981-287-895-3},
    address = {Singapore},
    isbn = {978-981-287-893-9},
    doi = {10.1007/978-981-287-895-3}
}

@article{Dolin2004KaiserTerminology.,
    title = {{Kaiser Permanente's Convergent Medical Terminology.}},
    year = {2004},
    journal = {Studies in health technology and informatics},
    author = {Dolin, Robert H and Mattison, John E and Cohn, Simon and Campbell, Keith E and Wiesenthal, Andrew M and Hochhalter, Brad and LaBerge, Diane and Barsoum, Rita and Shalaby, James and Abilla, Alan and Clements, Robert J and Correia, Carol M and Esteva, Diane and Fedack, John M and Goldberg, Bruce J and Gopalarao, Sridhar and Hafeza, Eza and Hendler, Peter and Hernandez, Enrique and Kamangar, Ron and Kahn, Rafique A and Kurtovich, Georgina and Lazzareschi, Gerry and Lee, Moon H and Lee, Tracy and Levy, David and Lukoff, Jonathan Y and Lundberg, Cyndie and Madden, Michael P and Ngo, Trongtu L and Nguyen, Ben T and Patel, Nikhilkumar P and Resneck, Jim and Ross, David E and Schwarz, Kathleen M and Selhorst, Charles C and Snyder, Aaron and Umarji, Mohamed I and Vilner, Max and Zer-Chen, Roy and Zingo, Chris},
    number = {Pt 1},
    pages = {346--50},
    volume = {107},
    url = {http://www.ncbi.nlm.nih.gov/pubmed/15360832},
    issn = {0926-9630},
    pmid = {15360832}
}

@article{Lee2014LiteratureUse,
    title = {{Literature review of SNOMED CT use}},
    year = {2014},
    journal = {Journal of the American Medical Informatics Association},
    author = {Lee, Dennis and de Keizer, Nicolette and Lau, Francis and Cornet, Ronald},
    number = {e1},
    month = {2},
    pages = {e11-e19},
    volume = {21},
    publisher = {Oxford University Press},
    url = {https://academic.oup.com/jamia/article-lookup/doi/10.1136/amiajnl-2013-001636},
    doi = {10.1136/amiajnl-2013-001636},
    issn = {1067-5027}
}

@article{Lee2014LiteratureUse.,
    title = {{Literature review of SNOMED CT use.}},
    year = {2014},
    journal = {Journal of the American Medical Informatics Association : JAMIA},
    author = {Lee, Dennis and de Keizer, Nicolette and Lau, Francis and Cornet, Ronald},
    number = {e1},
    month = {2},
    pages = {11--9},
    volume = {21},
    publisher = {American Medical Informatics Association},
    url = {http://www.ncbi.nlm.nih.gov/pubmed/23828173 http://www.pubmedcentral.nih.gov/articlerender.fcgi?artid=PMC3957381},
    doi = {10.1136/amiajnl-2013-001636},
    issn = {1527-974X},
    pmid = {23828173},
    keywords = {Controlled vocabularies, Implementation, Literature Review, SNOMED CT}
}

@article{Xu2006MachineIssues.,
    title = {{Machine learning and word sense disambiguation in the biomedical domain: design and evaluation issues.}},
    year = {2006},
    journal = {BMC Bioinformatics},
    author = {Xu, Hua and Markatou, Marianthi and Dimova, Rositsa and Liu, Hongfang and Friedman, Carol},
    number = {1},
    month = {7},
    pages = {334},
    volume = {7},
    url = {http://www.ncbi.nlm.nih.gov/pubmed/16822321 http://www.pubmedcentral.nih.gov/articlerender.fcgi?artid=PMC1550263 http://bmcbioinformatics.biomedcentral.com/articles/10.1186/1471-2105-7-334},
    doi = {10.1186/1471-2105-7-334},
    issn = {14712105},
    pmid = {16822321}
}

@article{Barrows1994MappingVocabulary.,
    title = {{Mapping clinically useful terminology to a controlled medical vocabulary.}},
    year = {1994},
    journal = {Proceedings. Symposium on Computer Applications in Medical Care},
    author = {Barrows, R C and Cimino, J J and Clayton, P D and Clayton, P. D.},
    pages = {211--5},
    publisher = {American Medical Informatics Association},
    url = {http://www.ncbi.nlm.nih.gov/pubmed/7949922 http://www.pubmedcentral.nih.gov/articlerender.fcgi?artid=PMC2247832},
    issn = {0195-4210},
    pmid = {7949922}
}

@article{Hjen2014MethodsSets.,
    title = {{Methods and applications for visualization of SNOMED CT concept sets.}},
    year = {2014},
    journal = {Applied clinical informatics},
    author = {H{\o}jen, A R and Sundvall, E and G{\o}eg, K R},
    number = {1},
    pages = {127--52},
    volume = {5},
    publisher = {Schattauer Publishers},
    url = {http://www.ncbi.nlm.nih.gov/pubmed/24734129 http://www.pubmedcentral.nih.gov/articlerender.fcgi?artid=PMC3974253},
    doi = {10.4338/ACI-2013-09-RA-0071},
    issn = {1869-0327},
    pmid = {24734129},
    keywords = {Clinical terminology, Implementation, Information Visualization, SNOMED CT, knowledge representation}
}

@article{Maynard2006MetricsInformation,
    title = {{Metrics for Evaluation of Ontology-based Information}},
    year = {2006},
    journal = {IN WWW 2006 WORKSHOP ON ”EVALUATION OF ONTOLOGIES FOR THE WEB},
    author = {Maynard, Extraction Diana and Maynard, Extraction Diana and Maynard, Diana},
    url = {http://citeseerx.ist.psu.edu/viewdoc/summary?doi=10.1.1.61.6705}
}

@article{Raghavan2007NearNetworks.,
    title = {{Near linear time algorithm to detect community structures in large-scale networks.}},
    year = {2007},
    journal = {Physical review. E, Statistical, nonlinear, and soft matter physics},
    author = {Raghavan, Usha Nandini and Albert, Réka and Kumara, Soundar},
    number = {3 Pt 2},
    month = {9},
    pages = {036106},
    volume = {76},
    url = {http://arxiv.org/abs/0709.2938},
    doi = {10.1103/PhysRevE.76.036106},
    issn = {1539-3755},
    pmid = {17930305},
    arxivId = {0709.2938}
}

@incollection{Bhattacharyya2016NeedTerminology,
    title = {{Need for Clinical Terminology}},
    year = {2016},
    booktitle = {Introduction to SNOMED CT},
    author = {Bhattacharyya, S. B.},
    pages = {3--17},
    publisher = {Springer Singapore},
    url = {http://link.springer.com/10.1007/978-981-287-895-3_2},
    address = {Singapore},
    doi = {10.1007/978-981-287-895-3{\_}2}
}

@article{Barabasi2011NetworkDisease,
    title = {{Network medicine: a network-based approach to human disease}},
    year = {2011},
    journal = {Nature Reviews Genetics},
    author = {Barab{\'{a}}si, Albert-László and Gulbahce, Natali and Loscalzo, Joseph},
    number = {1},
    month = {1},
    pages = {56--68},
    volume = {12},
    url = {http://www.ncbi.nlm.nih.gov/pubmed/21164525 http://www.pubmedcentral.nih.gov/articlerender.fcgi?artid=PMC3140052 http://www.nature.com/doifinder/10.1038/nrg2918},
    doi = {10.1038/nrg2918},
    issn = {1471-0056},
    pmid = {21164525}
}

@incollection{Hersh1994OHSUMED:Research,
    title = {{OHSUMED: An Interactive Retrieval Evaluation and New Large Test Collection for Research}},
    year = {1994},
    booktitle = {SIGIR ’94},
    author = {Hersh, William and Buckley, Chris and Leone, T. J. and Hickam, David},
    pages = {192--201},
    publisher = {Springer London},
    url = {http://link.springer.com/10.1007/978-1-4471-2099-5_20},
    address = {London},
    doi = {10.1007/978-1-4471-2099-5{\_}20}
}

@inproceedings{Manning2003OptimizationMagic,
    title = {{Optimization, maxent models, and conditional estimation without magic}},
    year = {2003},
    booktitle = {Proceedings of the 2003 Conference of the North American Chapter of the Association for Computational Linguistics on Human Language Technology Tutorials - NAACL '03},
    author = {Manning, Christopher and Klein, Dan},
    pages = {8--8},
    volume = {5},
    publisher = {Association for Computational Linguistics},
    url = {http://portal.acm.org/citation.cfm?doid=1075168.1075176},
    address = {Morristown, NJ, USA},
    doi = {10.3115/1075168.1075176}
}

@incollection{Bhattacharyya2016OverallAssessment,
    title = {{Overall Assessment}},
    year = {2016},
    booktitle = {Introduction to SNOMED CT},
    author = {Bhattacharyya, S. B.},
    pages = {189--196},
    publisher = {Springer Singapore},
    url = {http://link.springer.com/10.1007/978-981-287-895-3_11},
    address = {Singapore},
    doi = {10.1007/978-981-287-895-3{\_}11}
}

@incollection{Bhattacharyya2016OverviewCT,
    title = {{Overview of SNOMED CT}},
    year = {2016},
    booktitle = {Introduction to SNOMED CT},
    author = {Bhattacharyya, S. B.},
    pages = {1--2},
    publisher = {Springer Singapore},
    url = {http://link.springer.com/10.1007/978-981-287-895-3_1},
    address = {Singapore},
    doi = {10.1007/978-981-287-895-3{\_}1}
}

@article{Voorhees2013OverviewNIST,
    title = {{Overview of the TREC 2012 Medical Records Track | NIST}},
    year = {2013},
    journal = {Special Publication (NIST SP) - 500-298},
    author = {Voorhees, Ellen M. and Hersh, William},
    month = {6},
    url = {https://www.nist.gov/publications/overview-trec-2012-medical-records-track},
    keywords = {TREC, electronic health records, information retrieval}
}

@book{Miner2014PracticalResearch,
    title = {{Practical Predictive Analytics and Decisioning Systems for Medicine: Informatics Accuracy and Cost-Effectiveness for Healthcare Administration and Delivery Including Medical Research}},
    year = {2014},
    author = {Miner, Linda and Bolding, Pat and Hilbe, Joseph and Goldstein, Mitchell and Hill, Thomas and Nisbet, Robert and Walton, Nephi and Miner, Gary},
    pages = {1110},
    publisher = {Elsevier Science},
    url = {https://books.google.com/books?id=qHgRBAAAQBAJ&pgis=1},
    isbn = {012411640X}
}

@article{Avila2016PreliminaryCT,
    title = {{Preliminary results using Snorocket to detect errors in the post-coordination of SNOMED CT}},
    year = {2016},
    author = {Avila, Pilar and Gambarte, María Laura and Berinsky, Hernán and Ben{\'{i}}tez, Sonia and Park, Hee and Luna, Daniel and P{\'{e}}rez, David and Campos, Fernando and Zanetti, Sofía and D{\'{i}}az, Soledad and L{\'{o}}pez, Alejandro},
    url = {http://sedici.unlp.edu.ar/handle/10915/56532},
    keywords = {Ciencias Inform{\'{a}}ticas, Computador, Control de Calidad, Interfaz Usuario, Objeto de conferencia, Vocabulario Controlado}
}

@article{HofmannPreliminary.,
    title = {{Preliminary results using Snorocket to detect errors in the post-coordination of SNOMED CT .}},
    author = {Hofmann, Alfred and Barth, Ursula and Haas, Ingrid and Holzwarth, Frank and Kramer, Anna and Kunz, Leonie and Rei{\ss}, Christine and Sator, Nicole and Siebert-cole, Erika and Stra{\ss}er, Peter},
    keywords = {encourage you to list, the abstract section, we would like to, your keywords within}
}

@article{AvilaPreliminaryCT.,
    title = {{Preliminary results using Snorocket to detect errors in the post-coordination of SNOMED CT.}},
    author = {Avila, Pilar and Gambarte, Laura and Park, Hee and Luna, Daniel and Campos, Fernando}
}

@article{Ochs2014ScalableSubtaxonomies,
    title = {{Scalable quality assurance for large SNOMED CT hierarchies using subject-based subtaxonomies}},
    year = {2014},
    journal = {Journal of the American Medical Informatics Association},
    author = {Ochs, C. and Geller, J. and Perl, Y. and Chen, Y. and Xu, J. and Min, H. and Case, J. T. and Wei, Z.},
    number = {3},
    month = {10},
    pages = {507--518},
    volume = {22},
    publisher = {Oxford University Press},
    url = {https://academic.oup.com/jamia/article-lookup/doi/10.1136/amiajnl-2014-003151},
    doi = {10.1136/amiajnl-2014-003151},
    issn = {1067-5027}
}

@article{Avila2018SelectionSubsets.,
    title = {{Selection of Semantic Relevant Healthcare Services Subsets.}},
    year = {2018},
    journal = {Studies in health technology and informatics},
    author = {{\'{A}}vila, Pilar and Casta{\~{n}}o, José and Berinsky, Hernán and Gambarte, Laura and Park, Hee and P{\'{e}}rez, David and Otero, Carlos and Albornoz, Mario and Luna, Daniel},
    pages = {915--919},
    volume = {247},
    url = {http://www.ncbi.nlm.nih.gov/pubmed/29678094},
    issn = {0926-9630},
    pmid = {29678094},
    keywords = {Specialties, classification, clustering, healthcare services, interoperability}
}

@article{Avila2018SelectionSubsets.b,
    title = {{Selection of Semantic Relevant Healthcare Services Subsets.}},
    year = {2018},
    journal = {Studies in health technology and informatics},
    author = {{\'{A}}vila, Pilar and Casta{\~{n}}o, José and Berinsky, Hernán and Gambarte, Laura and Park, Hee and P{\'{e}}rez, David and Otero, Carlos and Albornoz, Mario and Luna, Daniel},
    pages = {915--919},
    volume = {247},
    url = {http://www.ncbi.nlm.nih.gov/pubmed/29678094},
    issn = {1879-8365},
    pmid = {29678094},
    keywords = {Specialties, classification, clustering, healthcare services, interoperability}
}

@article{Uzuner2010SemanticRecords.,
    title = {{Semantic relations for problem-oriented medical records.}},
    year = {2010},
    journal = {Artificial intelligence in medicine},
    author = {Uzuner, Ozlem and Mailoa, Jonathan and Ryan, Russell and Sibanda, Tawanda},
    number = {2},
    month = {10},
    pages = {63--73},
    volume = {50},
    url = {http://www.pubmedcentral.nih.gov/articlerender.fcgi?artid=2948592&tool=pmcentrez&rendertype=abstract},
    doi = {10.1016/j.artmed.2010.05.006},
    issn = {1873-2860},
    pmid = {20646918},
    keywords = {Artificial Intelligence, Humans, Medical Records Systems, Computerized, Medical Records Systems, Computerized: instrumenta, Medical Records, Problem-Oriented, Patient Care Planning, Patient Discharge, Semantics}
}

@article{Pesquita2009SemanticOntologies.,
    title = {{Semantic similarity in biomedical ontologies.}},
    year = {2009},
    journal = {PLoS computational biology},
    author = {Pesquita, Catia and Faria, Daniel and Falc{\~{a}}o, André O and Lord, Phillip and Couto, Francisco M},
    number = {7},
    month = {7},
    pages = {e1000443},
    volume = {5},
    publisher = {Public Library of Science},
    url = {http://www.ncbi.nlm.nih.gov/pubmed/19649320 http://www.pubmedcentral.nih.gov/articlerender.fcgi?artid=PMC2712090},
    doi = {10.1371/journal.pcbi.1000443},
    issn = {1553-7358},
    pmid = {19649320}
}

@book{Rubin2018SistemasSalud,
    title = {{Sistemas de Soporte a la Toma de Decisiones: creando herramientas para ayudar al profesional de la salud}},
    year = {2018},
    author = {Rubin, Luciana and Borbolla, Damián},
    pages = {546}
}

@incollection{Bhattacharyya2016SNOMEDExpressions,
    title = {{SNOMED CT Expressions}},
    year = {2016},
    booktitle = {Introduction to SNOMED CT},
    author = {Bhattacharyya, S. B.},
    pages = {95--129},
    publisher = {Springer Singapore},
    url = {http://link.springer.com/10.1007/978-981-287-895-3_7},
    address = {Singapore},
    doi = {10.1007/978-981-287-895-3{\_}7}
}

@incollection{Bhattacharyya2016SNOMEDTricks,
    title = {{SNOMED CT Tips and Tricks}},
    year = {2016},
    booktitle = {Introduction to SNOMED CT},
    author = {Bhattacharyya, S. B.},
    pages = {183--187},
    publisher = {Springer Singapore},
    url = {http://link.springer.com/10.1007/978-981-287-895-3_10},
    address = {Singapore},
    doi = {10.1007/978-981-287-895-3{\_}10}
}

@article{Reichardt2006StatisticalDetection.,
    title = {{Statistical mechanics of community detection.}},
    year = {2006},
    journal = {Physical review. E, Statistical, nonlinear, and soft matter physics},
    author = {Reichardt, Jörg and Bornholdt, Stefan},
    number = {1 Pt 2},
    month = {7},
    pages = {016110},
    volume = {74},
    url = {http://arxiv.org/abs/cond-mat/0603718},
    doi = {10.1103/PhysRevE.74.016110},
    issn = {1539-3755},
    pmid = {16907154},
    arxivId = {cond-mat/0603718}
}

@incollection{Avila2017TerminologiasCDSS,
    title = {{Terminolog{\'{i}}as y CDSS}},
    year = {2017},
    booktitle = {Sistemas de Soporte a la Toma de Decisiones: creando herramientas para ayudar al profesional de la salud},
    author = {Avila, Pilar}
}

@article{GonzalezBernaldodeQuiros2018TerminologyVocabulary,
    title = {{Terminology Services: Standard Terminologies to Control Health Vocabulary}},
    year = {2018},
    journal = {Yearbook of Medical Informatics},
    author = {Gonz{\'{a}}lez Bernaldo de Quir{\'{o}}s, Fernán and Otero, Carlos and Luna, Daniel},
    number = {01},
    month = {8},
    pages = {227--233},
    volume = {27},
    url = {http://www.ncbi.nlm.nih.gov/pubmed/29681027 http://www.thieme-connect.de/DOI/DOI?10.1055/s-0038-1641200},
    doi = {10.1055/s-0038-1641200},
    issn = {0943-4747},
    pmid = {29681027}
}

@article{Goh2007TheNetwork.,
    title = {{The human disease network.}},
    year = {2007},
    journal = {Proceedings of the National Academy of Sciences of the United States of America},
    author = {Goh, Kwang-Il and Cusick, Michael E and Valle, David and Childs, Barton and Vidal, Marc and Barab{\'{a}}si, Albert-László},
    number = {21},
    month = {5},
    pages = {8685--90},
    volume = {104},
    publisher = {National Academy of Sciences},
    url = {http://www.ncbi.nlm.nih.gov/pubmed/17502601 http://www.pubmedcentral.nih.gov/articlerender.fcgi?artid=PMC1885563},
    doi = {10.1073/pnas.0701361104},
    issn = {0027-8424},
    pmid = {17502601}
}

@article{Denny2003TheDatabase.,
    title = {{The KnowledgeMap project: development of a concept-based medical school curriculum database.}},
    year = {2003},
    journal = {AMIA ... Annual Symposium proceedings. AMIA Symposium},
    author = {Denny, Joshua C and Irani, Plomarz R and Wehbe, Firas H and Smithers, Jeffrey D and Spickard, Anderson and {III}},
    pages = {195--9},
    volume = {2003},
    publisher = {American Medical Informatics Association},
    url = {http://www.ncbi.nlm.nih.gov/pubmed/14728161 http://www.pubmedcentral.nih.gov/articlerender.fcgi?artid=PMC1480333},
    issn = {1942-597X},
    pmid = {14728161}
}

@article{Rosvall2008TheEquation,
    title = {{The map equation}},
    year = {2008},
    journal = {Proceedings of the National Academy of Sciences of the United States of America},
    author = {Rosvall, Martin and Bergstrom, Carl T. and Axelsson, D. and Bergstrom, Carl T.},
    number = {4},
    month = {4},
    pages = {13--23},
    volume = {105},
    url = {http://www.springerlink.com/index/10.1140/epjst/e2010-01179-1 http://www.pnas.org/content/105/4/1118},
    doi = {10.1073/pnas.0706851105},
    issn = {1951-6355},
    pmid = {18216267},
    keywords = {Bibliometrics, Biomedical Research, Biomedical Research: instrumentation, Biomedical Research: methods, Biomedical Research: statistics {\&} numerical data, Information Theory, Markov Chains, Periodicals as Topic, Science, Science: instrumentation, Science: methods, Science: statistics {\&} numerical data}
}

@article{Holmes2011TheLists.,
    title = {{The problem list beyond meaningful use. Part I: The problems with problem lists.}},
    year = {2011},
    journal = {Journal of AHIMA},
    author = {Holmes, Casey},
    number = {2},
    month = {2},
    pages = {30--3},
    volume = {82},
    url = {http://www.ncbi.nlm.nih.gov/pubmed/21337850},
    issn = {1060-5487},
    pmid = {21337850}
}

@article{Agrawal2013TheRecords,
    title = {{The readiness of SNOMED problem list concepts for meaningful use of electronic health records}},
    year = {2013},
    journal = {Artificial Intelligence in Medicine},
    author = {Agrawal, Ankur and He, Zhe and Perl, Yehoshua and Wei, Duo and Halper, Michael and Elhanan, Gai and Chen, Yan},
    number = {2},
    month = {6},
    pages = {73--80},
    volume = {58},
    url = {http://linkinghub.elsevier.com/retrieve/pii/S0933365713000420},
    doi = {10.1016/j.artmed.2013.03.008},
    issn = {09333657}
}

@article{Wang2010TheAudit.,
    title = {{The use of semantic distance metrics to support ontology audit.}},
    year = {2010},
    journal = {AMIA Annual Symposium proceedings. AMIA Symposium},
    author = {Wang, Jian and Day, Roger and Visweswaran, Shyam and Hogan, William},
    month = {11},
    pages = {842--6},
    volume = {2010},
    publisher = {American Medical Informatics Association},
    url = {http://www.ncbi.nlm.nih.gov/pubmed/21347097 http://www.pubmedcentral.nih.gov/articlerender.fcgi?artid=PMC3041307},
    issn = {1942-597X},
    pmid = {21347097}
}

@article{Cornet2013User-directedCT.,
    title = {{User-directed coordination in SNOMED CT.}},
    year = {2013},
    journal = {Studies in health technology and informatics},
    author = {Cornet, Ronald and Nystr{\"{o}}m, Mikael and Karlsson, Daniel},
    pages = {72--6},
    volume = {192},
    url = {http://www.ncbi.nlm.nih.gov/pubmed/23920518},
    issn = {0926-9630},
    pmid = {23920518}
}

@incollection{Bhattacharyya2016UsingCT,
    title = {{Using SNOMED CT}},
    year = {2016},
    booktitle = {Introduction to SNOMED CT},
    author = {Bhattacharyya, S. B.},
    pages = {157--182},
    publisher = {Springer Singapore},
    url = {http://link.springer.com/10.1007/978-981-287-895-3_9},
    address = {Singapore},
    doi = {10.1007/978-981-287-895-3{\_}9}
}

@article{Schuemie2005WordOverview,
    title = {{Word Sense Disambiguation in the Biomedical Domain: An Overview}},
    year = {2005},
    journal = {Journal of Computational Biology},
    author = {Schuemie, Martijn J. and Kors, Jan A. and Mons, Barend},
    number = {5},
    month = {6},
    pages = {554--565},
    volume = {12},
    url = {http://www.ncbi.nlm.nih.gov/pubmed/15952878 http://www.liebertpub.com/doi/10.1089/cmb.2005.12.554},
    doi = {10.1089/cmb.2005.12.554},
    issn = {1066-5277},
    pmid = {15952878}
}

@article{Navigli2009WordSurvey,
    title = {{Word sense disambiguation: a survey}},
    year = {2009},
    journal = {ACM COMPUTING SURVEYS},
    author = {Navigli, Roberto and Navigli, Roberto},
    number = {2},
    pages = {1--69},
    volume = {41},
    url = {http://citeseerx.ist.psu.edu/viewdoc/summary?doi=10.1.1.153.8457}
}