@misc{ihtsdo2016SG,
  author = {International Health Terminology Standards Development Organisation - IHTSDO},
  title = {SNOMED CT Starter Guide},
  year = {2016}
}

@misc{ihtsdo2016EG,
  author = {International Health Terminology Standards Development Organisation - IHTSDO},
  title = {Editorial Guide},
  year = {2016}
}

  @Article{igraph,
    title = {The igraph software package for complex network research},
    author = {Gabor Csardi and Tamas Nepusz},
    journal = {InterJournal},
    volume = {Complex Systems},
    pages = {1695},
    year = {2006},
    url = {http://igraph.org},
  }
  
  @InProceedings{manning-EtAl:2014:P14-5,
  author    = {Manning, Christopher D. and  Surdeanu, Mihai  and  Bauer, John  and  Finkel, Jenny  and  Bethard, Steven J. and  McClosky, David},
  title     = {The {Stanford} {CoreNLP} Natural Language Processing Toolkit},
  booktitle = {Association for Computational Linguistics (ACL) System Demonstrations},
  year      = {2014},
  pages     = {55--60},
  url       = {http://www.aclweb.org/anthology/P/P14/P14-5010}
}

@misc{nova,
title={SNOMED CT Physician Specialty Subsets: From Development To Refinement With an Eye on Implementation and Maintenance},
 author={obyn Kuropatwa and Kathy Giannangelo},
 journal={SNOMED CT Expo 2016},
 year={2016},
 }
 
 @misc{meaningfuluse,
  author = {International Health Terminology Standards Development Organisation - IHTSDO},
  title = {SNOMED CT â€“ Supporting Meaningful Use},
  year = {2014},
   url       = {https://www.snomed.org/resource/resource/15},
  note = "[Online; accessed 01-September-2018]"
 }


